@misc{AD,
    author    = "Martin Abadi and et. al.",
    title     = "TensorFlow: Large-scale machine learning on heterogeneous systems",
    year      = "2015",
    url       = "http://tensorflow.org/"
}

@book{ESL,
    author    = "Trevor Hastie and Robert Tibshirani and Jerome Friedman",
    title     = "The Elements of Statistical Learning",
    year      = "2009",
    publisher = "Springer"
}

@misc{ADAfaEPoV,
    author    = "Cosma Rohilla Shalizi",
    title     = "Advance Data Analysis from an Elementary Point of View",
    year      = "2019",
    url       = "https://www.stat.cmu.edu/~cshalizi/ADAfaEPoV/"
}
@article{hyperopt,
    author =       "Dougal Maclaurin and David Duvenaud and Ryan P. Adams",
    title =        "Gradient-based Hyperparameter Optimization through Reversible Learning",
    journal =      "arXiv:1502.03492v3",
    year =         "2015",
}
